<record><leader>00000cas a22000007a 4500</leader><controlfield tag="001">21473001</controlfield><controlfield tag="008">900503d19711984nyuwr ne      0    0eng d</controlfield><datafield ind1=" " ind2=" " tag="010"><subfield code="a">sn 90066052 </subfield></datafield><datafield ind1=" " ind2=" " tag="040"><subfield code="a">NYS</subfield><subfield code="b">eng</subfield><subfield code="c">NYS</subfield><subfield code="d">OCLCQ</subfield></datafield><datafield ind1=" " ind2=" " tag="042"><subfield code="a">msc</subfield></datafield><datafield ind1="0" ind2="0" tag="245"><subfield code="a">Tempo of the towns.</subfield></datafield><datafield ind1=" " ind2=" " tag="260"><subfield code="a">Vestal, N.Y. :</subfield><subfield code="b">Southern Tier Publications</subfield></datafield><datafield ind1=" " ind2=" " tag="300"><subfield code="a">v.</subfield></datafield><datafield ind1=" " ind2=" " tag="310"><subfield code="a">Weekly</subfield></datafield><datafield ind1="0" ind2=" " tag="362"><subfield code="a">Vol. 1, no. 1 (Feb. 17, 1971)-v. 14, no. 15 (May 10, 1984).</subfield></datafield><datafield ind1=" " ind2="4" tag="651"><subfield code="a">Vestal (N.Y.)</subfield><subfield code="v">Newspapers.</subfield></datafield><datafield ind1=" " ind2=" " tag="752"><subfield code="a">United States</subfield><subfield code="b">New York</subfield><subfield code="c">Broome</subfield><subfield code="d">Vestal.</subfield></datafield><datafield ind1="0" ind2="7" tag="785"><subfield code="t">Vestal news</subfield><subfield code="w">(DLC)sn 90066051</subfield><subfield code="w">(OCoLC)19578462</subfield></datafield><datafield ind1="0" ind2="7" tag="785"><subfield code="t">Valley news (Vestal, N.Y.)</subfield><subfield code="w">(DLC)sn 90066494</subfield><subfield code="w">(OCoLC)13747574</subfield></datafield><datafield ind1="1" ind2=" " tag="029"><subfield code="a">AU@</subfield><subfield code="b">000025862415</subfield></datafield></record>